<?xml version="1.0" encoding="UTF-8"?><collection xmlns="http://www.loc.gov/MARC21/slim"><record><leader>00375nam--2200133-i-4500</leader><controlfield tag="001">000030381</controlfield><controlfield tag="002">20161230</controlfield><controlfield tag="005">20161230201038</controlfield><controlfield tag="008">060222s1000------------r-----000-0-eng-d</controlfield><datafield ind1=" " ind2=" " tag="080"><subfield code="a">541.18</subfield></datafield><datafield ind1=" " ind2=" " tag="100"><subfield code="a">Manegold, Erich</subfield></datafield><datafield ind1=" " ind2=" " tag="245"><subfield code="a">Allgemeine und angewandtte kolloidkunde</subfield></datafield><datafield ind1=" " ind2=" " tag="260"><subfield code="a">Heidelberg, Chemie Und Technik Verlagsgesellschaft M.B.H., 1956, 925p. + Xii</subfield></datafield><datafield ind1=" " ind2=" " tag="852"><subfield code="a">12747</subfield></datafield></record></collection>